%YAML 1.1
%TAG !u! tag:unity3d.com,2011:
--- !u!1001 &100100000
Prefab:
  m_ObjectHideFlags: 1
  serializedVersion: 2
  m_Modification:
    m_TransformParent: {fileID: 0}
    m_Modifications: []
    m_RemovedComponents: []
  m_ParentPrefab: {fileID: 0}
  m_RootGameObject: {fileID: 1836706602631672}
  m_IsPrefabParent: 1
--- !u!1 &1005496180466858
GameObject:
  m_ObjectHideFlags: 1
  m_PrefabParentObject: {fileID: 0}
  m_PrefabInternal: {fileID: 100100000}
  serializedVersion: 5
  m_Component:
  - component: {fileID: 4903267016232230}
  m_Layer: 0
  m_Name: finger_middle_r_end
  m_TagString: Untagged
  m_Icon: {fileID: 0}
  m_NavMeshLayer: 0
  m_StaticEditorFlags: 0
  m_IsActive: 1
--- !u!1 &1007644510267314
GameObject:
  m_ObjectHideFlags: 1
  m_PrefabParentObject: {fileID: 0}
  m_PrefabInternal: {fileID: 100100000}
  serializedVersion: 5
  m_Component:
  - component: {fileID: 4160573716222202}
  m_Layer: 0
  m_Name: finger_thumb_0_r
  m_TagString: Untagged
  m_Icon: {fileID: 0}
  m_NavMeshLayer: 0
  m_StaticEditorFlags: 0
  m_IsActive: 1
--- !u!1 &1053851059754024
GameObject:
  m_ObjectHideFlags: 0
  m_PrefabParentObject: {fileID: 0}
  m_PrefabInternal: {fileID: 100100000}
  serializedVersion: 5
  m_Component:
  - component: {fileID: 4812609857536440}
  - component: {fileID: 114435659433423276}
  m_Layer: 0
  m_Name: fallback
  m_TagString: Untagged
  m_Icon: {fileID: 0}
  m_NavMeshLayer: 0
  m_StaticEditorFlags: 0
  m_IsActive: 1
--- !u!1 &1060398280702308
GameObject:
  m_ObjectHideFlags: 1
  m_PrefabParentObject: {fileID: 0}
  m_PrefabInternal: {fileID: 100100000}
  serializedVersion: 5
  m_Component:
  - component: {fileID: 4372020059246820}
  m_Layer: 0
  m_Name: finger_pinky_meta_r
  m_TagString: Untagged
  m_Icon: {fileID: 0}
  m_NavMeshLayer: 0
  m_StaticEditorFlags: 0
  m_IsActive: 1
--- !u!1 &1110218870940034
GameObject:
  m_ObjectHideFlags: 1
  m_PrefabParentObject: {fileID: 0}
  m_PrefabInternal: {fileID: 100100000}
  serializedVersion: 5
  m_Component:
  - component: {fileID: 4946883529914844}
  m_Layer: 0
  m_Name: finger_index_1_r
  m_TagString: Untagged
  m_Icon: {fileID: 0}
  m_NavMeshLayer: 0
  m_StaticEditorFlags: 0
  m_IsActive: 1
--- !u!1 &1168431034322258
GameObject:
  m_ObjectHideFlags: 1
  m_PrefabParentObject: {fileID: 0}
  m_PrefabInternal: {fileID: 100100000}
  serializedVersion: 5
  m_Component:
  - component: {fileID: 4085856937862232}
  m_Layer: 0
  m_Name: finger_pinky_r_aux
  m_TagString: Untagged
  m_Icon: {fileID: 0}
  m_NavMeshLayer: 0
  m_StaticEditorFlags: 0
  m_IsActive: 1
--- !u!1 &1208284141706970
GameObject:
  m_ObjectHideFlags: 1
  m_PrefabParentObject: {fileID: 0}
  m_PrefabInternal: {fileID: 100100000}
  serializedVersion: 5
  m_Component:
  - component: {fileID: 4408141760433356}
  m_Layer: 0
  m_Name: finger_index_r_aux
  m_TagString: Untagged
  m_Icon: {fileID: 0}
  m_NavMeshLayer: 0
  m_StaticEditorFlags: 0
  m_IsActive: 1
--- !u!1 &1217008281930986
GameObject:
  m_ObjectHideFlags: 1
  m_PrefabParentObject: {fileID: 0}
  m_PrefabInternal: {fileID: 100100000}
  serializedVersion: 5
  m_Component:
  - component: {fileID: 4338510349828416}
  m_Layer: 0
  m_Name: finger_thumb_r_aux
  m_TagString: Untagged
  m_Icon: {fileID: 0}
  m_NavMeshLayer: 0
  m_StaticEditorFlags: 0
  m_IsActive: 1
--- !u!1 &1218168731419492
GameObject:
  m_ObjectHideFlags: 1
  m_PrefabParentObject: {fileID: 0}
  m_PrefabInternal: {fileID: 100100000}
  serializedVersion: 5
  m_Component:
  - component: {fileID: 4380061087551984}
  m_Layer: 0
  m_Name: finger_pinky_1_r
  m_TagString: Untagged
  m_Icon: {fileID: 0}
  m_NavMeshLayer: 0
  m_StaticEditorFlags: 0
  m_IsActive: 1
--- !u!1 &1230530011638278
GameObject:
  m_ObjectHideFlags: 1
  m_PrefabParentObject: {fileID: 0}
  m_PrefabInternal: {fileID: 100100000}
  serializedVersion: 5
  m_Component:
  - component: {fileID: 4040978478021016}
  m_Layer: 0
  m_Name: finger_ring_meta_r
  m_TagString: Untagged
  m_Icon: {fileID: 0}
  m_NavMeshLayer: 0
  m_StaticEditorFlags: 0
  m_IsActive: 1
--- !u!1 &1235379309704272
GameObject:
  m_ObjectHideFlags: 1
  m_PrefabParentObject: {fileID: 0}
  m_PrefabInternal: {fileID: 100100000}
  serializedVersion: 5
  m_Component:
  - component: {fileID: 4014058584414890}
  m_Layer: 0
  m_Name: finger_index_2_r
  m_TagString: Untagged
  m_Icon: {fileID: 0}
  m_NavMeshLayer: 0
  m_StaticEditorFlags: 0
  m_IsActive: 1
--- !u!1 &1255313489841188
GameObject:
  m_ObjectHideFlags: 1
  m_PrefabParentObject: {fileID: 0}
  m_PrefabInternal: {fileID: 100100000}
  serializedVersion: 5
  m_Component:
  - component: {fileID: 4174749207772154}
  m_Layer: 0
  m_Name: finger_ring_2_r
  m_TagString: Untagged
  m_Icon: {fileID: 0}
  m_NavMeshLayer: 0
  m_StaticEditorFlags: 0
  m_IsActive: 1
--- !u!1 &1258524810641336
GameObject:
  m_ObjectHideFlags: 1
  m_PrefabParentObject: {fileID: 0}
  m_PrefabInternal: {fileID: 100100000}
  serializedVersion: 5
  m_Component:
  - component: {fileID: 4181216141002400}
  m_Layer: 0
  m_Name: finger_middle_1_r
  m_TagString: Untagged
  m_Icon: {fileID: 0}
  m_NavMeshLayer: 0
  m_StaticEditorFlags: 0
  m_IsActive: 1
--- !u!1 &1285407365623010
GameObject:
  m_ObjectHideFlags: 1
  m_PrefabParentObject: {fileID: 0}
  m_PrefabInternal: {fileID: 100100000}
  serializedVersion: 5
  m_Component:
  - component: {fileID: 4342749045943612}
  m_Layer: 0
  m_Name: finger_index_meta_r
  m_TagString: Untagged
  m_Icon: {fileID: 0}
  m_NavMeshLayer: 0
  m_StaticEditorFlags: 0
  m_IsActive: 1
--- !u!1 &1391415024812996
GameObject:
  m_ObjectHideFlags: 1
  m_PrefabParentObject: {fileID: 0}
  m_PrefabInternal: {fileID: 100100000}
  serializedVersion: 5
  m_Component:
  - component: {fileID: 4983923514092024}
  m_Layer: 0
  m_Name: finger_index_0_r
  m_TagString: Untagged
  m_Icon: {fileID: 0}
  m_NavMeshLayer: 0
  m_StaticEditorFlags: 0
  m_IsActive: 1
--- !u!1 &1392838791256566
GameObject:
  m_ObjectHideFlags: 0
  m_PrefabParentObject: {fileID: 0}
  m_PrefabInternal: {fileID: 100100000}
  serializedVersion: 5
  m_Component:
  - component: {fileID: 4927448158135464}
  - component: {fileID: 95628350340677634}
  m_Layer: 0
  m_Name: creatureHand
  m_TagString: Untagged
  m_Icon: {fileID: 0}
  m_NavMeshLayer: 0
  m_StaticEditorFlags: 0
  m_IsActive: 1
--- !u!1 &1434274814169214
GameObject:
  m_ObjectHideFlags: 1
  m_PrefabParentObject: {fileID: 0}
  m_PrefabInternal: {fileID: 100100000}
  serializedVersion: 5
  m_Component:
  - component: {fileID: 4800763446773494}
  m_Layer: 0
  m_Name: finger_ring_r_end
  m_TagString: Untagged
  m_Icon: {fileID: 0}
  m_NavMeshLayer: 0
  m_StaticEditorFlags: 0
  m_IsActive: 1
--- !u!1 &1480774911033354
GameObject:
  m_ObjectHideFlags: 1
  m_PrefabParentObject: {fileID: 0}
  m_PrefabInternal: {fileID: 100100000}
  serializedVersion: 5
  m_Component:
  - component: {fileID: 4172369431860994}
  m_Layer: 0
  m_Name: finger_thumb_1_r
  m_TagString: Untagged
  m_Icon: {fileID: 0}
  m_NavMeshLayer: 0
  m_StaticEditorFlags: 0
  m_IsActive: 1
--- !u!1 &1537349311590360
GameObject:
  m_ObjectHideFlags: 1
  m_PrefabParentObject: {fileID: 0}
  m_PrefabInternal: {fileID: 100100000}
  serializedVersion: 5
  m_Component:
  - component: {fileID: 4513546191663788}
  m_Layer: 0
  m_Name: root
  m_TagString: Untagged
  m_Icon: {fileID: 0}
  m_NavMeshLayer: 0
  m_StaticEditorFlags: 0
  m_IsActive: 1
--- !u!1 &1607404871187078
GameObject:
  m_ObjectHideFlags: 1
  m_PrefabParentObject: {fileID: 0}
  m_PrefabInternal: {fileID: 100100000}
  serializedVersion: 5
  m_Component:
  - component: {fileID: 4415182053972236}
  m_Layer: 0
  m_Name: finger_ring_1_r
  m_TagString: Untagged
  m_Icon: {fileID: 0}
  m_NavMeshLayer: 0
  m_StaticEditorFlags: 0
  m_IsActive: 1
--- !u!1 &1609031321956632
GameObject:
  m_ObjectHideFlags: 1
  m_PrefabParentObject: {fileID: 0}
  m_PrefabInternal: {fileID: 100100000}
  serializedVersion: 5
  m_Component:
  - component: {fileID: 4094618689787998}
  m_Layer: 0
  m_Name: finger_middle_0_r
  m_TagString: Untagged
  m_Icon: {fileID: 0}
  m_NavMeshLayer: 0
  m_StaticEditorFlags: 0
  m_IsActive: 1
--- !u!1 &1614848731054966
GameObject:
  m_ObjectHideFlags: 1
  m_PrefabParentObject: {fileID: 0}
  m_PrefabInternal: {fileID: 100100000}
  serializedVersion: 5
  m_Component:
  - component: {fileID: 4148399044007416}
  m_Layer: 0
  m_Name: finger_middle_2_r
  m_TagString: Untagged
  m_Icon: {fileID: 0}
  m_NavMeshLayer: 0
  m_StaticEditorFlags: 0
  m_IsActive: 1
--- !u!1 &1635464862474686
GameObject:
  m_ObjectHideFlags: 1
  m_PrefabParentObject: {fileID: 0}
  m_PrefabInternal: {fileID: 100100000}
  serializedVersion: 5
  m_Component:
  - component: {fileID: 4463373811041172}
  m_Layer: 0
  m_Name: finger_pinky_2_r
  m_TagString: Untagged
  m_Icon: {fileID: 0}
  m_NavMeshLayer: 0
  m_StaticEditorFlags: 0
  m_IsActive: 1
--- !u!1 &1649852041033974
GameObject:
  m_ObjectHideFlags: 1
  m_PrefabParentObject: {fileID: 0}
  m_PrefabInternal: {fileID: 100100000}
  serializedVersion: 5
  m_Component:
  - component: {fileID: 4783686247704048}
  m_Layer: 0
  m_Name: finger_middle_r_aux
  m_TagString: Untagged
  m_Icon: {fileID: 0}
  m_NavMeshLayer: 0
  m_StaticEditorFlags: 0
  m_IsActive: 1
--- !u!1 &1719731033415486
GameObject:
  m_ObjectHideFlags: 1
  m_PrefabParentObject: {fileID: 0}
  m_PrefabInternal: {fileID: 100100000}
  serializedVersion: 5
  m_Component:
  - component: {fileID: 4383240583800682}
  m_Layer: 0
  m_Name: finger_index_r_end
  m_TagString: Untagged
  m_Icon: {fileID: 0}
  m_NavMeshLayer: 0
  m_StaticEditorFlags: 0
  m_IsActive: 1
--- !u!1 &1736544894242360
GameObject:
  m_ObjectHideFlags: 1
  m_PrefabParentObject: {fileID: 0}
  m_PrefabInternal: {fileID: 100100000}
  serializedVersion: 5
  m_Component:
  - component: {fileID: 4400202763443240}
  m_Layer: 0
  m_Name: finger_thumb_r_end
  m_TagString: Untagged
  m_Icon: {fileID: 0}
  m_NavMeshLayer: 0
  m_StaticEditorFlags: 0
  m_IsActive: 1
--- !u!1 &1758896143197052
GameObject:
  m_ObjectHideFlags: 1
  m_PrefabParentObject: {fileID: 0}
  m_PrefabInternal: {fileID: 100100000}
  serializedVersion: 5
  m_Component:
  - component: {fileID: 4085219391512762}
  m_Layer: 0
  m_Name: finger_thumb_2_r
  m_TagString: Untagged
  m_Icon: {fileID: 0}
  m_NavMeshLayer: 0
  m_StaticEditorFlags: 0
  m_IsActive: 1
--- !u!1 &1788257952714644
GameObject:
  m_ObjectHideFlags: 1
  m_PrefabParentObject: {fileID: 0}
  m_PrefabInternal: {fileID: 100100000}
  serializedVersion: 5
  m_Component:
  - component: {fileID: 4661888460687030}
  - component: {fileID: 137718635171645890}
  m_Layer: 0
  m_Name: creatureHand_geo
  m_TagString: Untagged
  m_Icon: {fileID: 0}
  m_NavMeshLayer: 0
  m_StaticEditorFlags: 0
  m_IsActive: 1
--- !u!1 &1793066346230838
GameObject:
  m_ObjectHideFlags: 1
  m_PrefabParentObject: {fileID: 0}
  m_PrefabInternal: {fileID: 100100000}
  serializedVersion: 5
  m_Component:
  - component: {fileID: 4093704072652810}
  m_Layer: 0
  m_Name: finger_pinky_r_end
  m_TagString: Untagged
  m_Icon: {fileID: 0}
  m_NavMeshLayer: 0
  m_StaticEditorFlags: 0
  m_IsActive: 1
--- !u!1 &1834456127079708
GameObject:
  m_ObjectHideFlags: 1
  m_PrefabParentObject: {fileID: 0}
  m_PrefabInternal: {fileID: 100100000}
  serializedVersion: 5
  m_Component:
  - component: {fileID: 4006264149373864}
  m_Layer: 0
  m_Name: finger_ring_0_r
  m_TagString: Untagged
  m_Icon: {fileID: 0}
  m_NavMeshLayer: 0
  m_StaticEditorFlags: 0
  m_IsActive: 1
--- !u!1 &1836706602631672
GameObject:
  m_ObjectHideFlags: 0
  m_PrefabParentObject: {fileID: 0}
  m_PrefabInternal: {fileID: 100100000}
  serializedVersion: 5
  m_Component:
  - component: {fileID: 4766337212813800}
  - component: {fileID: 114069167238218668}
  m_Layer: 0
  m_Name: BAD_creatureHand_L
  m_TagString: Untagged
  m_Icon: {fileID: 0}
  m_NavMeshLayer: 0
  m_StaticEditorFlags: 0
  m_IsActive: 1
--- !u!1 &1878656210872162
GameObject:
  m_ObjectHideFlags: 1
  m_PrefabParentObject: {fileID: 0}
  m_PrefabInternal: {fileID: 100100000}
  serializedVersion: 5
  m_Component:
  - component: {fileID: 4032241833685482}
  m_Layer: 0
  m_Name: finger_ring_r_aux
  m_TagString: Untagged
  m_Icon: {fileID: 0}
  m_NavMeshLayer: 0
  m_StaticEditorFlags: 0
  m_IsActive: 1
--- !u!1 &1882705523613482
GameObject:
  m_ObjectHideFlags: 1
  m_PrefabParentObject: {fileID: 0}
  m_PrefabInternal: {fileID: 100100000}
  serializedVersion: 5
  m_Component:
  - component: {fileID: 4159541652852340}
  m_Layer: 0
  m_Name: finger_pinky_0_r
  m_TagString: Untagged
  m_Icon: {fileID: 0}
  m_NavMeshLayer: 0
  m_StaticEditorFlags: 0
  m_IsActive: 1
--- !u!1 &1882747130002346
GameObject:
  m_ObjectHideFlags: 1
  m_PrefabParentObject: {fileID: 0}
  m_PrefabInternal: {fileID: 100100000}
  serializedVersion: 5
  m_Component:
  - component: {fileID: 4190081989128622}
  m_Layer: 0
  m_Name: wrist_r
  m_TagString: Untagged
  m_Icon: {fileID: 0}
  m_NavMeshLayer: 0
  m_StaticEditorFlags: 0
  m_IsActive: 1
--- !u!1 &1906197652691770
GameObject:
  m_ObjectHideFlags: 1
  m_PrefabParentObject: {fileID: 0}
  m_PrefabInternal: {fileID: 100100000}
  serializedVersion: 5
  m_Component:
  - component: {fileID: 4629171947544584}
  m_Layer: 0
  m_Name: finger_middle_meta_r
  m_TagString: Untagged
  m_Icon: {fileID: 0}
  m_NavMeshLayer: 0
  m_StaticEditorFlags: 0
  m_IsActive: 1
--- !u!4 &4006264149373864
Transform:
  m_ObjectHideFlags: 1
  m_PrefabParentObject: {fileID: 0}
  m_PrefabInternal: {fileID: 100100000}
  m_GameObject: {fileID: 1834456127079708}
  m_LocalRotation: {x: 0.1282397, y: 0.02405692, z: -0.0002682573, w: 0.9914514}
  m_LocalPosition: {x: -4.5796702e-17, y: -3.6637362e-16, z: 0.07584829}
  m_LocalScale: {x: 1, y: 1, z: 1}
  m_Children:
  - {fileID: 4415182053972236}
  m_Father: {fileID: 4040978478021016}
  m_RootOrder: 0
  m_LocalEulerAnglesHint: {x: 0, y: 0, z: 0}
--- !u!4 &4014058584414890
Transform:
  m_ObjectHideFlags: 1
  m_PrefabParentObject: {fileID: 0}
  m_PrefabInternal: {fileID: 100100000}
  m_GameObject: {fileID: 1235379309704272}
  m_LocalRotation: {x: 0.2543566, y: 0.009171245, z: -0.001105983, w: 0.9670664}
  m_LocalPosition: {x: 3.330669e-16, y: 2.3314685e-16, z: 0.042694785}
  m_LocalScale: {x: 1, y: 1, z: 1}
  m_Children:
  - {fileID: 4383240583800682}
  m_Father: {fileID: 4946883529914844}
  m_RootOrder: 0
  m_LocalEulerAnglesHint: {x: 0, y: 0, z: 0}
--- !u!4 &4032241833685482
Transform:
  m_ObjectHideFlags: 1
  m_PrefabParentObject: {fileID: 0}
  m_PrefabInternal: {fileID: 100100000}
  m_GameObject: {fileID: 1878656210872162}
  m_LocalRotation: {x: 0.1087826, y: 0.7473095, z: -0.1263881, w: 0.6432114}
  m_LocalPosition: {x: 0.39176106, y: 0.011883598, z: 0.0030968762}
  m_LocalScale: {x: 1, y: 1, z: 1}
  m_Children: []
  m_Father: {fileID: 4513546191663788}
  m_RootOrder: 3
  m_LocalEulerAnglesHint: {x: 0, y: 0, z: 0}
--- !u!4 &4040978478021016
Transform:
  m_ObjectHideFlags: 1
  m_PrefabParentObject: {fileID: 0}
  m_PrefabInternal: {fileID: 100100000}
  m_GameObject: {fileID: 1230530011638278}
  m_LocalRotation: {x: -0.037702262, y: 0.76520246, z: 0.045000043, w: 0.64110744}
  m_LocalPosition: {x: 0.03497917, y: 0.002993368, z: -0.0045703724}
  m_LocalScale: {x: 1, y: 1, z: 1}
  m_Children:
  - {fileID: 4006264149373864}
  m_Father: {fileID: 4190081989128622}
  m_RootOrder: 3
  m_LocalEulerAnglesHint: {x: 0, y: 0, z: 0}
--- !u!4 &4085219391512762
Transform:
  m_ObjectHideFlags: 1
  m_PrefabParentObject: {fileID: 0}
  m_PrefabInternal: {fileID: 100100000}
  m_GameObject: {fileID: 1758896143197052}
  m_LocalRotation: {x: 0.1546931, y: -0.03415615, z: 0.007758553, w: 0.9873415}
  m_LocalPosition: {x: 2.0883296e-14, y: -1.0574875e-13, z: 0.024363518}
  m_LocalScale: {x: 1, y: 1, z: 1}
  m_Children:
  - {fileID: 4400202763443240}
  m_Father: {fileID: 4172369431860994}
  m_RootOrder: 0
  m_LocalEulerAnglesHint: {x: 0, y: 0, z: 0}
--- !u!4 &4085856937862232
Transform:
  m_ObjectHideFlags: 1
  m_PrefabParentObject: {fileID: 0}
  m_PrefabInternal: {fileID: 100100000}
  m_GameObject: {fileID: 1168431034322258}
  m_LocalRotation: {x: 0.116317794, y: 0.85445386, z: -0.21732338, w: 0.45732847}
  m_LocalPosition: {x: 0.35300025, y: 0.0029791181, z: -0.034535438}
  m_LocalScale: {x: 1, y: 1, z: 1}
  m_Children: []
  m_Father: {fileID: 4513546191663788}
  m_RootOrder: 2
  m_LocalEulerAnglesHint: {x: 0, y: 0, z: 0}
--- !u!4 &4093704072652810
Transform:
  m_ObjectHideFlags: 1
  m_PrefabParentObject: {fileID: 0}
  m_PrefabInternal: {fileID: 100100000}
  m_GameObject: {fileID: 1793066346230838}
  m_LocalRotation: {x: -5.54976e-17, y: -2.0952207e-17, z: 1.3877788e-17, w: 1}
  m_LocalPosition: {x: -4.32987e-16, y: -1.6653345e-16, z: 0.026020939}
  m_LocalScale: {x: 1, y: 1, z: 1}
  m_Children: []
  m_Father: {fileID: 4463373811041172}
  m_RootOrder: 0
  m_LocalEulerAnglesHint: {x: 0, y: 0, z: 0}
--- !u!4 &4094618689787998
Transform:
  m_ObjectHideFlags: 1
  m_PrefabParentObject: {fileID: 0}
  m_PrefabInternal: {fileID: 100100000}
  m_GameObject: {fileID: 1609031321956632}
  m_LocalRotation: {x: 0.13350335, y: 0.021655025, z: 0.00075653713, w: 0.99081147}
  m_LocalPosition: {x: -4.9960038e-17, y: 7.660539e-16, z: 0.082405046}
  m_LocalScale: {x: 1, y: 1, z: 1}
  m_Children:
  - {fileID: 4181216141002400}
  m_Father: {fileID: 4629171947544584}
  m_RootOrder: 0
  m_LocalEulerAnglesHint: {x: 0, y: 0, z: 0}
--- !u!4 &4148399044007416
Transform:
  m_ObjectHideFlags: 1
  m_PrefabParentObject: {fileID: 0}
  m_PrefabInternal: {fileID: 100100000}
  m_GameObject: {fileID: 1614848731054966}
  m_LocalRotation: {x: 0.092142306, y: 0.024231324, z: -0.0031273093, w: 0.9954461}
  m_LocalPosition: {x: -8.326673e-18, y: 1.3322677e-16, z: 0.048548352}
  m_LocalScale: {x: 1, y: 1, z: 1}
  m_Children:
  - {fileID: 4903267016232230}
  m_Father: {fileID: 4181216141002400}
  m_RootOrder: 0
  m_LocalEulerAnglesHint: {x: 0, y: 0, z: 0}
--- !u!4 &4159541652852340
Transform:
  m_ObjectHideFlags: 1
  m_PrefabParentObject: {fileID: 0}
  m_PrefabInternal: {fileID: 100100000}
  m_GameObject: {fileID: 1882705523613482}
  m_LocalRotation: {x: 0.08996329, y: 0.10696719, z: -0.009718983, w: 0.99013644}
  m_LocalPosition: {x: -8.326673e-17, y: 0, z: 0.07063599}
  m_LocalScale: {x: 1, y: 1, z: 1}
  m_Children:
  - {fileID: 4380061087551984}
  m_Father: {fileID: 4372020059246820}
  m_RootOrder: 0
  m_LocalEulerAnglesHint: {x: 0, y: 0, z: 0}
--- !u!4 &4160573716222202
Transform:
  m_ObjectHideFlags: 1
  m_PrefabParentObject: {fileID: 0}
  m_PrefabInternal: {fileID: 100100000}
  m_GameObject: {fileID: 1007644510267314}
  m_LocalRotation: {x: 0.029081332, y: 0.51614565, z: -0.017538821, w: 0.85582733}
  m_LocalPosition: {x: 0.095852055, y: -0.010377582, z: 0.053898327}
  m_LocalScale: {x: 1, y: 1, z: 1}
  m_Children:
  - {fileID: 4172369431860994}
  m_Father: {fileID: 4190081989128622}
  m_RootOrder: 4
  m_LocalEulerAnglesHint: {x: 0, y: 0, z: 0}
--- !u!4 &4172369431860994
Transform:
  m_ObjectHideFlags: 1
  m_PrefabParentObject: {fileID: 0}
  m_PrefabInternal: {fileID: 100100000}
  m_GameObject: {fileID: 1480774911033354}
  m_LocalRotation: {x: 0.000007379541, y: 0.000001499189, z: -1.106333e-11, w: 1}
  m_LocalPosition: {x: 3.3306692e-17, y: 9.9920076e-17, z: 0.021503069}
  m_LocalScale: {x: 1, y: 1, z: 1}
  m_Children:
  - {fileID: 4085219391512762}
  m_Father: {fileID: 4160573716222202}
  m_RootOrder: 0
  m_LocalEulerAnglesHint: {x: 0, y: 0, z: 0}
--- !u!4 &4174749207772154
Transform:
  m_ObjectHideFlags: 1
  m_PrefabParentObject: {fileID: 0}
  m_PrefabInternal: {fileID: 100100000}
  m_GameObject: {fileID: 1255313489841188}
  m_LocalRotation: {x: 0.2437166, y: 0.001697508, z: -0.000151275, w: 0.969845}
  m_LocalPosition: {x: -1.6653346e-17, y: -1.3322677e-16, z: 0.04011133}
  m_LocalScale: {x: 1, y: 1, z: 1}
  m_Children:
  - {fileID: 4800763446773494}
  m_Father: {fileID: 4415182053972236}
  m_RootOrder: 0
  m_LocalEulerAnglesHint: {x: 0, y: 0, z: 0}
--- !u!4 &4181216141002400
Transform:
  m_ObjectHideFlags: 1
  m_PrefabParentObject: {fileID: 0}
  m_PrefabInternal: {fileID: 100100000}
  m_GameObject: {fileID: 1258524810641336}
  m_LocalRotation: {x: -0.031476155, y: 0.0019602214, z: -0.00013257867, w: 0.9995026}
  m_LocalPosition: {x: -8.326673e-18, y: 7.702173e-16, z: 0.06498806}
  m_LocalScale: {x: 1, y: 1, z: 1}
  m_Children:
  - {fileID: 4148399044007416}
  m_Father: {fileID: 4094618689787998}
  m_RootOrder: 0
  m_LocalEulerAnglesHint: {x: 0, y: 0, z: 0}
--- !u!4 &4190081989128622
Transform:
  m_ObjectHideFlags: 1
  m_PrefabParentObject: {fileID: 0}
  m_PrefabInternal: {fileID: 100100000}
  m_GameObject: {fileID: 1882747130002346}
  m_LocalRotation: {x: 0, y: -0.052335955, z: -0, w: 0.9986295}
  m_LocalPosition: {x: 0.197822, y: 0, z: 0.020438965}
  m_LocalScale: {x: 1, y: 1, z: 1}
  m_Children:
  - {fileID: 4342749045943612}
  - {fileID: 4629171947544584}
  - {fileID: 4372020059246820}
  - {fileID: 4040978478021016}
  - {fileID: 4160573716222202}
  m_Father: {fileID: 4513546191663788}
  m_RootOrder: 5
  m_LocalEulerAnglesHint: {x: 0, y: 0, z: 0}
--- !u!4 &4338510349828416
Transform:
  m_ObjectHideFlags: 1
  m_PrefabParentObject: {fileID: 0}
  m_PrefabInternal: {fileID: 100100000}
  m_GameObject: {fileID: 1217008281930986}
  m_LocalRotation: {x: 0.1690795, y: 0.4318699, z: -0.08278293, w: 0.88207}
  m_LocalPosition: {x: 0.32553625, y: -0.013491473, z: 0.10952573}
  m_LocalScale: {x: 1, y: 1, z: 1}
  m_Children: []
  m_Father: {fileID: 4513546191663788}
  m_RootOrder: 4
  m_LocalEulerAnglesHint: {x: 0, y: 0, z: 0}
--- !u!4 &4342749045943612
Transform:
  m_ObjectHideFlags: 1
  m_PrefabParentObject: {fileID: 0}
  m_PrefabInternal: {fileID: 100100000}
  m_GameObject: {fileID: 1285407365623010}
  m_LocalRotation: {x: -0.031660967, y: 0.619778, z: 0.025037395, w: 0.7837385}
  m_LocalPosition: {x: 0.03268146, y: 0.00047357846, z: 0.014696349}
  m_LocalScale: {x: 1, y: 1, z: 1}
  m_Children:
  - {fileID: 4983923514092024}
  m_Father: {fileID: 4190081989128622}
  m_RootOrder: 0
  m_LocalEulerAnglesHint: {x: 0, y: 0, z: 0}
--- !u!4 &4372020059246820
Transform:
  m_ObjectHideFlags: 1
  m_PrefabParentObject: {fileID: 0}
  m_PrefabInternal: {fileID: 100100000}
  m_GameObject: {fileID: 1060398280702308}
  m_LocalRotation: {x: -8.556588e-17, y: 0.8074207, z: 8.556588e-17, w: 0.58997613}
  m_LocalPosition: {x: 0.032694057, y: 0.0014667211, z: -0.016537914}
  m_LocalScale: {x: 1, y: 1, z: 1}
  m_Children:
  - {fileID: 4159541652852340}
  m_Father: {fileID: 4190081989128622}
  m_RootOrder: 2
  m_LocalEulerAnglesHint: {x: 0, y: 0, z: 0}
--- !u!4 &4380061087551984
Transform:
  m_ObjectHideFlags: 1
  m_PrefabParentObject: {fileID: 0}
  m_PrefabInternal: {fileID: 100100000}
  m_GameObject: {fileID: 1218168731419492}
  m_LocalRotation: {x: -0.2578742, y: 0.09153727, z: 0.00740616, w: 0.96180403}
  m_LocalPosition: {x: -3.3306692e-17, y: 3.018419e-17, z: 0.036723744}
  m_LocalScale: {x: 1, y: 1, z: 1}
  m_Children:
  - {fileID: 4463373811041172}
  m_Father: {fileID: 4159541652852340}
  m_RootOrder: 0
  m_LocalEulerAnglesHint: {x: 0, y: 0, z: 0}
--- !u!4 &4383240583800682
Transform:
  m_ObjectHideFlags: 1
  m_PrefabParentObject: {fileID: 0}
  m_PrefabInternal: {fileID: 100100000}
  m_GameObject: {fileID: 1719731033415486}
  m_LocalRotation: {x: 8.3195576e-17, y: 3.7947076e-19, z: 9.107298e-18, w: 1}
  m_LocalPosition: {x: 9.9920076e-17, y: 1.4988011e-16, z: 0.048752487}
  m_LocalScale: {x: 1, y: 1, z: 1}
  m_Children: []
  m_Father: {fileID: 4014058584414890}
  m_RootOrder: 0
  m_LocalEulerAnglesHint: {x: 0, y: 0, z: 0}
--- !u!4 &4400202763443240
Transform:
  m_ObjectHideFlags: 1
  m_PrefabParentObject: {fileID: 0}
  m_PrefabInternal: {fileID: 100100000}
  m_GameObject: {fileID: 1736544894242360}
  m_LocalRotation: {x: 0, y: -0, z: -0, w: 1}
  m_LocalPosition: {x: 1.9984015e-16, y: -1.4155345e-16, z: 0.024736289}
  m_LocalScale: {x: 1, y: 1, z: 1}
  m_Children: []
  m_Father: {fileID: 4085219391512762}
  m_RootOrder: 0
  m_LocalEulerAnglesHint: {x: 0, y: 0, z: 0}
--- !u!4 &4408141760433356
Transform:
  m_ObjectHideFlags: 1
  m_PrefabParentObject: {fileID: 0}
  m_PrefabInternal: {fileID: 100100000}
  m_GameObject: {fileID: 1208284141706970}
  m_LocalRotation: {x: 0.1506442, y: 0.5847601, z: -0.11161419, w: 0.78924286}
  m_LocalPosition: {x: 0.4040903, y: 0.0072357547, z: 0.09676814}
  m_LocalScale: {x: 1, y: 1, z: 1}
  m_Children: []
  m_Father: {fileID: 4513546191663788}
  m_RootOrder: 0
  m_LocalEulerAnglesHint: {x: 0, y: 0, z: 0}
--- !u!4 &4415182053972236
Transform:
  m_ObjectHideFlags: 1
  m_PrefabParentObject: {fileID: 0}
  m_PrefabInternal: {fileID: 100100000}
  m_GameObject: {fileID: 1607404871187078}
  m_LocalRotation: {x: -0.1479897, y: 0.01330369, z: 0.0001166339, w: 0.9888994}
  m_LocalPosition: {x: 2.0816682e-17, y: 7.7021725e-17, z: 0.045103487}
  m_LocalScale: {x: 1, y: 1, z: 1}
  m_Children:
  - {fileID: 4174749207772154}
  m_Father: {fileID: 4006264149373864}
  m_RootOrder: 0
  m_LocalEulerAnglesHint: {x: 0, y: 0, z: 0}
--- !u!4 &4463373811041172
Transform:
  m_ObjectHideFlags: 1
  m_PrefabParentObject: {fileID: 0}
  m_PrefabInternal: {fileID: 100100000}
  m_GameObject: {fileID: 1635464862474686}
  m_LocalRotation: {x: 0.40811786, y: -0.0076011685, z: 0.0005919353, w: 0.91289747}
  m_LocalPosition: {x: 6.6613384e-17, y: 9.9920076e-17, z: 0.024198497}
  m_LocalScale: {x: 1, y: 1, z: 1}
  m_Children:
  - {fileID: 4093704072652810}
  m_Father: {fileID: 4380061087551984}
  m_RootOrder: 0
  m_LocalEulerAnglesHint: {x: 0, y: 0, z: 0}
--- !u!4 &4513546191663788
Transform:
  m_ObjectHideFlags: 1
  m_PrefabParentObject: {fileID: 0}
  m_PrefabInternal: {fileID: 100100000}
  m_GameObject: {fileID: 1537349311590360}
  m_LocalRotation: {x: 0, y: -0, z: -0, w: 1}
  m_LocalPosition: {x: -0, y: 0, z: 0}
  m_LocalScale: {x: 1, y: 1, z: 1}
  m_Children:
  - {fileID: 4408141760433356}
  - {fileID: 4783686247704048}
  - {fileID: 4085856937862232}
  - {fileID: 4032241833685482}
  - {fileID: 4338510349828416}
  - {fileID: 4190081989128622}
  m_Father: {fileID: 4927448158135464}
  m_RootOrder: 1
  m_LocalEulerAnglesHint: {x: 0, y: 0, z: 0}
--- !u!4 &4629171947544584
Transform:
  m_ObjectHideFlags: 1
  m_PrefabParentObject: {fileID: 0}
  m_PrefabInternal: {fileID: 100100000}
  m_GameObject: {fileID: 1906197652691770}
  m_LocalRotation: {x: -0.059420478, y: 0.7070419, z: 0.059836533, w: 0.7021257}
  m_LocalPosition: {x: 0.035202302, y: 0.0030787012, z: 0.006368234}
  m_LocalScale: {x: 1, y: 1, z: 1}
  m_Children:
  - {fileID: 4094618689787998}
  m_Father: {fileID: 4190081989128622}
  m_RootOrder: 1
  m_LocalEulerAnglesHint: {x: 0, y: 0, z: 0}
--- !u!4 &4661888460687030
Transform:
  m_ObjectHideFlags: 1
  m_PrefabParentObject: {fileID: 0}
  m_PrefabInternal: {fileID: 100100000}
  m_GameObject: {fileID: 1788257952714644}
  m_LocalRotation: {x: 0, y: -0, z: -0, w: 1}
  m_LocalPosition: {x: -0, y: 0, z: 0}
  m_LocalScale: {x: 1, y: 1, z: 1}
  m_Children: []
  m_Father: {fileID: 4927448158135464}
  m_RootOrder: 0
  m_LocalEulerAnglesHint: {x: 0, y: 0, z: 0}
--- !u!4 &4766337212813800
Transform:
  m_ObjectHideFlags: 1
  m_PrefabParentObject: {fileID: 0}
  m_PrefabInternal: {fileID: 100100000}
  m_GameObject: {fileID: 1836706602631672}
  m_LocalRotation: {x: -0, y: -0, z: -0, w: 1}
  m_LocalPosition: {x: 0, y: 0, z: 0}
  m_LocalScale: {x: 1, y: 1, z: 1}
  m_Children:
  - {fileID: 4927448158135464}
  - {fileID: 4812609857536440}
  m_Father: {fileID: 0}
  m_RootOrder: 0
  m_LocalEulerAnglesHint: {x: 0, y: 0, z: 0}
--- !u!4 &4783686247704048
Transform:
  m_ObjectHideFlags: 1
  m_PrefabParentObject: {fileID: 0}
  m_PrefabInternal: {fileID: 100100000}
  m_GameObject: {fileID: 1649852041033974}
  m_LocalRotation: {x: 0.07791648, y: 0.702244, z: -0.07779163, w: 0.7033711}
  m_LocalPosition: {x: 0.42604023, y: 0.008753331, z: 0.04434344}
  m_LocalScale: {x: 1, y: 1, z: 1}
  m_Children: []
  m_Father: {fileID: 4513546191663788}
  m_RootOrder: 1
  m_LocalEulerAnglesHint: {x: 0, y: 0, z: 0}
--- !u!4 &4800763446773494
Transform:
  m_ObjectHideFlags: 1
  m_PrefabParentObject: {fileID: 0}
  m_PrefabInternal: {fileID: 100100000}
  m_GameObject: {fileID: 1434274814169214}
  m_LocalRotation: {x: -1.110205e-16, y: -6.0037695e-18, z: 8.1315163e-19, w: 1}
  m_LocalPosition: {x: -4.9960038e-17, y: -2.3314685e-16, z: 0.040999163}
  m_LocalScale: {x: 1, y: 1, z: 1}
  m_Children: []
  m_Father: {fileID: 4174749207772154}
  m_RootOrder: 0
  m_LocalEulerAnglesHint: {x: 0, y: 0, z: 0}
--- !u!4 &4812609857536440
Transform:
  m_ObjectHideFlags: 1
  m_PrefabParentObject: {fileID: 0}
  m_PrefabInternal: {fileID: 100100000}
  m_GameObject: {fileID: 1053851059754024}
  m_LocalRotation: {x: -0, y: -0, z: -0, w: 1}
  m_LocalPosition: {x: 0, y: 0, z: 0}
  m_LocalScale: {x: 1, y: 1, z: 1}
  m_Children: []
  m_Father: {fileID: 4766337212813800}
  m_RootOrder: 1
  m_LocalEulerAnglesHint: {x: 0, y: 0, z: 0}
--- !u!4 &4903267016232230
Transform:
  m_ObjectHideFlags: 1
  m_PrefabParentObject: {fileID: 0}
  m_PrefabInternal: {fileID: 100100000}
  m_GameObject: {fileID: 1005496180466858}
  m_LocalRotation: {x: 0, y: -0, z: -0, w: 1}
  m_LocalPosition: {x: 1.4571678e-17, y: -1.706968e-15, z: 0.04090377}
  m_LocalScale: {x: 1, y: 1, z: 1}
  m_Children: []
  m_Father: {fileID: 4148399044007416}
  m_RootOrder: 0
  m_LocalEulerAnglesHint: {x: 0, y: 0, z: 0}
--- !u!4 &4927448158135464
Transform:
  m_ObjectHideFlags: 1
  m_PrefabParentObject: {fileID: 0}
  m_PrefabInternal: {fileID: 100100000}
  m_GameObject: {fileID: 1392838791256566}
  m_LocalRotation: {x: 0, y: 0.7071068, z: 0, w: 0.7071068}
  m_LocalPosition: {x: 0, y: 0, z: -0.35}
  m_LocalScale: {x: 1, y: 1, z: -1}
  m_Children:
  - {fileID: 4661888460687030}
  - {fileID: 4513546191663788}
  m_Father: {fileID: 4766337212813800}
  m_RootOrder: 0
  m_LocalEulerAnglesHint: {x: 0, y: 90, z: 0}
--- !u!4 &4946883529914844
Transform:
  m_ObjectHideFlags: 1
  m_PrefabParentObject: {fileID: 0}
  m_PrefabInternal: {fileID: 100100000}
  m_GameObject: {fileID: 1110218870940034}
  m_LocalRotation: {x: -0.117708445, y: -0.0054357997, z: -0.00010436346, w: 0.99303335}
  m_LocalPosition: {x: -6.6613384e-17, y: -1.5820679e-16, z: 0.05919873}
  m_LocalScale: {x: 1, y: 1, z: 1}
  m_Children:
  - {fileID: 4014058584414890}
  m_Father: {fileID: 4983923514092024}
  m_RootOrder: 0
  m_LocalEulerAnglesHint: {x: 0, y: 0, z: 0}
--- !u!4 &4983923514092024
Transform:
  m_ObjectHideFlags: 1
  m_PrefabParentObject: {fileID: 0}
  m_PrefabInternal: {fileID: 100100000}
  m_GameObject: {fileID: 1391415024812996}
  m_LocalRotation: {x: 0.08963516, y: 0.017113164, z: -0.00015433045, w: 0.9958276}
  m_LocalPosition: {x: 3.3306692e-17, y: -1.1657343e-16, z: 0.083832346}
  m_LocalScale: {x: 1, y: 1, z: 1}
  m_Children:
  - {fileID: 4946883529914844}
  m_Father: {fileID: 4342749045943612}
  m_RootOrder: 0
  m_LocalEulerAnglesHint: {x: 0, y: 0, z: 0}
--- !u!95 &95628350340677634
Animator:
  serializedVersion: 3
  m_ObjectHideFlags: 1
  m_PrefabParentObject: {fileID: 0}
  m_PrefabInternal: {fileID: 100100000}
  m_GameObject: {fileID: 1392838791256566}
  m_Enabled: 1
  m_Avatar: {fileID: 9000000, guid: fdcd840736c49b448bfbcd2c30c7ec7b, type: 3}
  m_Controller: {fileID: 9100000, guid: b26f7ceb9f94e3149ba99d49710b0ec2, type: 2}
  m_CullingMode: 1
  m_UpdateMode: 0
  m_ApplyRootMotion: 0
  m_LinearVelocityBlending: 0
  m_WarningMessage: 
  m_HasTransformHierarchy: 1
  m_AllowConstantClipSamplingOptimization: 1
--- !u!114 &114069167238218668
MonoBehaviour:
  m_ObjectHideFlags: 1
  m_PrefabParentObject: {fileID: 0}
  m_PrefabInternal: {fileID: 100100000}
  m_GameObject: {fileID: 1836706602631672}
  m_Enabled: 1
  m_EditorHideFlags: 0
  m_Script: {fileID: 11500000, guid: 00f6c0d7b5a00aa4a8d38a09a0480032, type: 3}
  m_Name: 
  m_EditorClassIdentifier: 
  skeletonAction:
    actionPath: /actions/default/in/SkeletonLeftHand
    needsReinit: 0
  inputSource: 1
  rangeOfMotion: 1
  skeletonRoot: {fileID: 4513546191663788}
  origin: {fileID: 0}
  updatePose: 0
  onlySetRotations: 1
  skeletonBlend: 1
  onBoneTransformsUpdated:
    m_PersistentCalls:
      m_Calls: []
    m_TypeName: Valve.VR.SteamVR_Behaviour_SkeletonEvent, Assembly-CSharp, Version=0.0.0.0,
      Culture=neutral, PublicKeyToken=null
  onTransformUpdated:
    m_PersistentCalls:
      m_Calls: []
    m_TypeName: Valve.VR.SteamVR_Behaviour_SkeletonEvent, Assembly-CSharp, Version=0.0.0.0,
      Culture=neutral, PublicKeyToken=null
  onTransformChanged:
    m_PersistentCalls:
      m_Calls: []
    m_TypeName: Valve.VR.SteamVR_Behaviour_SkeletonEvent, Assembly-CSharp, Version=0.0.0.0,
      Culture=neutral, PublicKeyToken=null
  onConnectedChanged:
    m_PersistentCalls:
      m_Calls: []
    m_TypeName: Valve.VR.SteamVR_Behaviour_Skeleton_ConnectedChangedEvent, Assembly-CSharp,
      Version=0.0.0.0, Culture=neutral, PublicKeyToken=null
  onTrackingChanged:
    m_PersistentCalls:
      m_Calls: []
    m_TypeName: Valve.VR.SteamVR_Behaviour_Skeleton_TrackingChangedEvent, Assembly-CSharp,
      Version=0.0.0.0, Culture=neutral, PublicKeyToken=null
  mirroring: 2
  fallbackPoser: {fileID: 114435659433423276}
  fallbackCurlAction:
    actionPath: /actions/default/in/Squeeze
    needsReinit: 0
--- !u!114 &114435659433423276
MonoBehaviour:
  m_ObjectHideFlags: 1
  m_PrefabParentObject: {fileID: 0}
  m_PrefabInternal: {fileID: 100100000}
  m_GameObject: {fileID: 1053851059754024}
  m_Enabled: 1
  m_EditorHideFlags: 0
  m_Script: {fileID: 11500000, guid: e7418c7dd8f977d4e969202d3fa7e926, type: 3}
  m_Name: 
  m_EditorClassIdentifier: 
  poseEditorExpanded: 1
  blendEditorExpanded: 1
  poseNames:
  - fallback_relaxed (MAIN)
  - fallback_point
  - fallback_fist
  previewLeftHandPrefab: {fileID: 1000013348574242, guid: 638779290bce1af49b356f33dcc6fccf,
    type: 2}
  previewRightHandPrefab: {fileID: 1000010304998954, guid: 6def53d002137b747aec0b29551e0e25,
    type: 2}
  skeletonMainPose: {fileID: 11400000, guid: 213b7d69786635c498d1287c5505990e, type: 2}
  skeletonAdditionalPoses:
  - {fileID: 11400000, guid: 416ca9f76f309e5478daf527e55b0c80, type: 2}
  - {fileID: 11400000, guid: 45a635d0e1a43f14da0eb032aeb8dbcd, type: 2}
  showLeftPreview: 0
  showRightPreview: 0
  previewLeftInstance: {fileID: 0}
  previewRightInstance: {fileID: 0}
  previewPoseSelection: 0
  blendingBehaviours:
  - name: point
    enabled: 1
    influence: 1
    pose: 1
    value: 0
    action_single:
      actionPath: 
      needsReinit: 0
    action_bool:
      actionPath: /actions/default/in/GrabGrip
      needsReinit: 0
    smoothingSpeed: 16
    type: 2
    useMask: 0
    mask:
      palm: 1
      thumb: 1
      index: 1
      middle: 1
      ring: 1
      pinky: 1
      values: 010101010101
    previewEnabled: 1
  - name: fist
    enabled: 1
    influence: 1
    pose: 2
    value: 0
    action_single:
      actionPath: 
      needsReinit: 0
    action_bool:
      actionPath: /actions/default/in/GrabPinch
      needsReinit: 0
    smoothingSpeed: 16
    type: 2
    useMask: 0
    mask:
      palm: 1
      thumb: 1
      index: 1
      middle: 1
      ring: 1
      pinky: 1
      values: 010101010101
    previewEnabled: 1
  scale: 1
--- !u!137 &137718635171645890
SkinnedMeshRenderer:
  m_ObjectHideFlags: 1
  m_PrefabParentObject: {fileID: 0}
  m_PrefabInternal: {fileID: 100100000}
  m_GameObject: {fileID: 1788257952714644}
  m_Enabled: 1
  m_CastShadows: 1
  m_ReceiveShadows: 1
  m_DynamicOccludee: 1
  m_MotionVectors: 1
  m_LightProbeUsage: 1
  m_ReflectionProbeUsage: 1
  m_Materials:
  - {fileID: 2100000, guid: 26543ef6f37d3174e8986d7267759fbe, type: 2}
  m_StaticBatchInfo:
    firstSubMesh: 0
    subMeshCount: 0
  m_StaticBatchRoot: {fileID: 0}
  m_ProbeAnchor: {fileID: 0}
  m_LightProbeVolumeOverride: {fileID: 0}
  m_ScaleInLightmap: 1
  m_PreserveUVs: 0
  m_IgnoreNormalsForChartDetection: 0
  m_ImportantGI: 0
  m_StitchLightmapSeams: 0
  m_SelectedEditorRenderState: 3
  m_MinimumChartSize: 4
  m_AutoUVMaxDistance: 0.5
  m_AutoUVMaxAngle: 89
  m_LightmapParameters: {fileID: 0}
  m_SortingLayerID: 0
  m_SortingLayer: 0
  m_SortingOrder: 0
  serializedVersion: 2
  m_Quality: 0
  m_UpdateWhenOffscreen: 0
  m_SkinnedMotionVectors: 1
  m_Mesh: {fileID: 4300000, guid: fdcd840736c49b448bfbcd2c30c7ec7b, type: 3}
  m_Bones:
  - {fileID: 4513546191663788}
  - {fileID: 4190081989128622}
  - {fileID: 4160573716222202}
  - {fileID: 4172369431860994}
  - {fileID: 4085219391512762}
  - {fileID: 4342749045943612}
  - {fileID: 4983923514092024}
  - {fileID: 4946883529914844}
  - {fileID: 4014058584414890}
  - {fileID: 4629171947544584}
  - {fileID: 4094618689787998}
  - {fileID: 4181216141002400}
  - {fileID: 4148399044007416}
  - {fileID: 4040978478021016}
  - {fileID: 4006264149373864}
  - {fileID: 4415182053972236}
  - {fileID: 4174749207772154}
  - {fileID: 4372020059246820}
  - {fileID: 4159541652852340}
  - {fileID: 4380061087551984}
  - {fileID: 4463373811041172}
  m_BlendShapeWeights: []
  m_RootBone: {fileID: 4513546191663788}
  m_AABB:
    m_Center: {x: 0.18098037, y: 0.0015838891, z: 0.028056081}
    m_Extent: {x: 0.32763654, y: 0.07539691, z: 0.12456314}
  m_DirtyAABB: 0
